T00322100174530001096050011501011501311501302241    03690914     141231+000000000001046530000361EURK{ytt|tili                    000000000000000000ASYLUMIN HACKLAB RY                Bicoin Pankki Suomi Oyj Y-tunn 1234123-12341 Kanta-Asyluminn yrityskonttori                                   FI1234123412341234 NDEAFIHH   
T101880000011501022588780B17621501021501021501022720Itsepalvelu                        -000000000000150000 AVille Vuokranantaja                A31313003121050                              
T1107800Asylumin Hacklabin t{m{n kuun      vuokra Asylumin 12                 
T1132311                                   FI4321432143214321                 HANDFIHHXXX                                                                                                                                                                                                                                          
T101880000021501022588781O43041501021501021501021705Viitemaksu                         +000000000000002000 AJUURINEN JUHA-JUKKA                J               00000000000000102623         
T101880000031501022588781R07541501021501021501021705Viitemaksu                         +000000000000004000 ASUURONEN SIMO                      J               00000000000000109325         
T101880000041402035934974Q34211501021501021412311710Viitemaksu                         +000000000000002000  M[KINEN MIKKO-MIKKO                A               00000000000000100926         
T1132311                                                                                                                                                                                                                                                                                        20141231MPA31-201402035934974Q3421 
T40050150102+000001234512345455+000000000000000000
T50067115010200000003+00000000000000800000000001-000000005732875221
T101880000051501032588WWPU01191501051501031501032720Itsepalvelu                        -000000000000003420 AH[KKIN\\N HENA                     J12003500233077                              
T1104300Kulukorvaus remonttitarvikkeista   
T1132311                                   FI1234123412341234                 NDEAFIHHXXX                                                                                                                                                                                                                                          
T101880000061501032588WWNA01251501051501031501032720Itsepalvelu                        -000000000000001235 AOsku O{res{                        A80002106981466                              
T1104300Kulukorvaus remonttitarvikkeista   
T1132311                                   FI1234123412341234                 DABAFIHHXXX                                                                                                                                                                                                                                          
T101880000071501032588WWR201551501051501031501032720Itsepalvelu                        -000000000000002359 AJukka Jokio                        A57230220412238                              
T1104300Kulukorvaus remonttitarvikkeista   
T1132311                                   FI1234123412341234                 OKOYFIHHXXX                                                                                                                                                                                                                                          
T101880000081501032588WWR301291501051501031501032720Itsepalvelu                        -000000000000002990 AT[KKINEN TIMO TEEMU                J20821800007622                              
T1104300Kulukorvaus modeemista             
T1132311                                   FI1234123412341234                 NDEAFIHHXXX                                                                                                                                                                                                                                          
T101880000091501032588WWMJ01291501051501031501032720Itsepalvelu                        -000000000000006085 AOsku O{res{                        A80002106981466                              
T1104300Kulukorvaus remonttitarvikkeista   
T1132311                                   FI1234123412341234                 DABAFIHHXXX                                                                                                                                                                                                                                          
T101880000101501032588WWMT01061501051501031501032720Itsepalvelu                        -000000000000000998 AOsku O{res{                        A80002106981466                              
T1104300Kulukorvaus valoista               
T1132311                                   FI1234123412341234                 DABAFIHHXXX                                                                                                                                                                                                                                          
T101880000111501032588WWMK01351501051501031501032720Itsepalvelu                        -000000000000001041 AOsku O{res{                        A80002106981466                              
T1104300Kulukorvaus remonttitarvikkeista   
T1132311                                   FI1234123412341234                 DABAFIHHXXX                                                                                                                                                                                                                                          

